<record><leader>00000cas a2200000 a 4500</leader><controlfield tag="001">12308577</controlfield><controlfield tag="008">850726d18671894iluwr ne      0    0eng c</controlfield><datafield ind1=" " ind2=" " tag="010"><subfield code="a">sn 85038338 </subfield></datafield><datafield ind1=" " ind2=" " tag="040"><subfield code="a">NPY</subfield><subfield code="b">eng</subfield><subfield code="c">NPY</subfield><subfield code="d">PPM</subfield><subfield code="d">NVF</subfield><subfield code="d">CNK</subfield><subfield code="d">NVF</subfield><subfield code="d">OCLCF</subfield><subfield code="d">OCLCO</subfield></datafield><datafield ind1="1" ind2=" " tag="029"><subfield code="a">AU@</subfield><subfield code="b">000020383678</subfield></datafield><datafield ind1=" " ind2=" " tag="042"><subfield code="a">pcc</subfield></datafield><datafield ind1=" " ind2=" " tag="043"><subfield code="a">n-us-il</subfield></datafield><datafield ind1="0" ind2=" " tag="130"><subfield code="a">Constitution and union (Carlyle, Ill. : 1867)</subfield></datafield><datafield ind1="0" ind2="0" tag="245"><subfield code="a">Constitution and union.</subfield></datafield><datafield ind1=" " ind2=" " tag="260"><subfield code="a">Carlyle, Ill. :</subfield><subfield code="b">Dr. Alfred Padon,</subfield><subfield code="c">1867-1894.</subfield></datafield><datafield ind1=" " ind2=" " tag="300"><subfield code="a">v.</subfield></datafield><datafield ind1=" " ind2=" " tag="310"><subfield code="a">Weekly</subfield></datafield><datafield ind1="0" ind2=" " tag="362"><subfield code="a">Vol. 5, no. 1 (Aug. 17, 1867)-   ;   -v. 26, no. 1426 (Dec. 27, 1894).</subfield></datafield><datafield ind1=" " ind2="0" tag="651"><subfield code="a">Carlyle (Ill.)</subfield><subfield code="v">Newspapers.</subfield></datafield><datafield ind1=" " ind2="7" tag="655"><subfield code="a">Newspapers.</subfield><subfield code="2">fast</subfield><subfield code="0">(OCoLC)fst01423814</subfield></datafield><datafield ind1=" " ind2="7" tag="651"><subfield code="a">Illinois</subfield><subfield code="z">Carlyle.</subfield><subfield code="2">fast</subfield><subfield code="0">(OCoLC)fst01259386</subfield></datafield><datafield ind1=" " ind2=" " tag="752"><subfield code="a">United States</subfield><subfield code="b">Illinois</subfield><subfield code="c">Clinton</subfield><subfield code="d">Carlyle.</subfield></datafield><datafield ind1="0" ind2="5" tag="780"><subfield code="t">Clinton vindicator</subfield><subfield code="w">(DLC)sn 92053761</subfield><subfield code="w">(OCoLC)25253304</subfield></datafield><datafield ind1="0" ind2="0" tag="785"><subfield code="t">Carlyle constitution</subfield><subfield code="w">(DLC)sn 92053762</subfield><subfield code="w">(OCoLC)25253409</subfield></datafield></record>